@book{Beale_Jackson_2017, place={Boca Raton}, title={Neural computing: An introduction}, publisher={CRC Press}, author={Beale, R. and Jackson, T.}, year={2017}} 